@article{proudfoot,
  author          = {Proudfoot, Nicholas},
  title           = {Lectures on Toric Varieties},
  year            = {2010}
}

@book{cls,
  author         = {Cox, David and Little, John and Schenck, Hal},
  publisher      = {American Mathematical Society},
  title          = {Toric Varieties},
  year           = {2011}
}

@book{mcduff-salamon,
  author         = {McDuff, Dusa and Salamon, Dietmar},
  publisher      = {Oxford University Press},
  title          = {Introduction to Symplectic Topology},
  year           = {1998}
}

@article{hamilton,
  author          = {Hamilton, Mark},
  journal         = {Proceedings of 2006 International Toric Topology Conference},
  title           = {The quantization of a toric manifold is given by the integer lattice points in the moment polytope},
  year            = {2006}
}

@book{lsg,
author = {Cannas da Silva, Ana},
title = {Lectures on Symplectic Geometry},
publisher = {Springer},
year = {2001}
}

@book{eisenbud-harris,
author = {Eisenbud, David and Harris, Joe},
title = {3264 and All That: A Second Course in Algebraic Geometry},
publisher = {Cambridge University Press},
year = {2016}
}
@article{hhh,
  author    = {Harada, Megumi and Henriques, Andre and Holm, Tara S.},
  title     = {Computation of generalized equivariant cohomologies of Kac-Moody flag varieties},
  journal   = {arXiv Mathematics e-prints},
  eprint    = {arXiv:math/0409305},
  year      = {2004},
  url       = {https://arxiv.org/abs/math/0409305},
}
@article{gkm,
  author    = {Goresky, Mark and Kottwitz, Robert and MacPherson, Robert},
  title     = {Equivariant cohomology, Koszul duality, and the localization theorem},
  journal   = {Inventiones Mathematicae},
  volume    = {131},
  number    = {1},
  pages     = {25--83},
  year      = {1997},
  publisher = {Springer},
  doi       = {10.1007/s002220050197},
  url       = {https://doi.org/10.1007/s002220050197},
}

@article{bb,
  author       = {Białynicki-Birula, A.},
  title        = {Some Theorems on Actions of Algebraic Groups},
  journal      = {Annals of Mathematics},
  volume       = {98},
  number       = {3},
  year         = {1973},
  pages        = {480--497},
  publisher    = {Annals of Mathematics},
  doi          = {10.2307/1970915},
  url          = {https://www.jstor.org/stable/1970915}
}

@book{fulton-anderson,
author = {Fulton, William and Anderson, David},
title = {Equivariant Cohomology in Algebraic Geometry},
year = {2016}
}


@article{hoskins,
author = {Hoskins,Victoria},
title = {Geometric invariant theory and symplectic quotients},
year = {2012}
}

@book{htt,
author = {Hotta, Ryoshi and Takeuchi, Kiyoshi and Tanisaki, Toshiyuki},
title = {D-Modules, Perverse Sheaves, and Representation Theory},
publisher = {Birkhäuser},
year = {2008}
}

@book{tu,
author = {Tu, Loring},
title = {Introductory Lectures on Equivariant Cohomology},
year = {2016}
}

@book{huybrechts,
author = {Huybrechts, Daniel},
title = {Complex Geometry: An Introduction},
publisher = {Springer},
year = {2005}
}

@book{hatcher,
author = {Hatcher, Allen},
title = {Algebraic Topology},
publisher = {Cambridge University Press},
year = {2002}
}


